@article{little,
    author = "Max A. Little Patrick E. McSharry Eric J. Hunter Jennifer Spielman Lorraine O. Ramig",
    title = "Suitability of Dysphonia Measurements for Telemonitoring of Parkinson's Diease",
    journal = "IEEE Transactions of Biomedical Engineering",
    volume = "56",
    number = "4",
    pages = "1015--1021",
    year = "2009",
}
 
@online{McSharry,
    author = "Max A. Little Patrick E. Sharry Stephen J. Roberts Declan AE Costello Irene M Moroz",
    title = "Exploiting Nonlinear Recurrence and Fractal Scaling Properties for Voice Order Detection",
    url  = " http://www.biomedical-engineering-online.com/content/6/1/23",
    addendum = "(accessed: 04.27.2019)",
}
